
@Article{	  10.1215/S0012-7094-43-01015-4,
  author	= {Hassler Whitney},
  title		= {{Differentiable even functions}},
  volume	= {10},
  journal	= {Duke Mathematical Journal},
  number	= {1},
  publisher	= {Duke University Press},
  pages		= {159 -- 160},
  year		= {1943},
  doi		= {10.1215/S0012-7094-43-01015-4},
  url		= {https://doi.org/10.1215/S0012-7094-43-01015-4}
}

@Article{	  10.2307/52772,
  author	= {A. Bonanno and S. Droz and W. Israel and S. M. Morsink},
  journal	= {Proceedings: Mathematical and Physical Sciences},
  number	= {1940},
  pages		= {553--567},
  publisher	= {The Royal Society},
  title		= {Structure of the Charged Spherical Black Hole Interior},
  volume	= {450},
  year		= {1995}
}

@Article{	  ANGELOPOULOS2023108939,
  title		= {Late-time tails and mode coupling of linear waves on Kerr
		  spacetimes},
  journal	= {Adv. Math.},
  volume	= {417},
  pages		= {108939},
  year		= {2023},
  issn		= {0001-8708},
  author	= {Yannis Angelopoulos and Stefanos Aretakis and Dejan
		  Gajic}
}

@Misc{		  angelopoulos2024nonlinear,
  title		= {Nonlinear stability of extremal Reissner-Nordström black
		  holes in spherical symmetry},
  author	= {Yannis Angelopoulos and Christoph Kehle and Ryan Unger},
  year		= {2024},
  eprint	= {2410.16234},
  archiveprefix	= {arXiv},
  primaryclass	= {gr-qc}
}

@Article{	  Bachelot_2016,
  title		= {Waves in the Witten Bubble of Nothing and the Hawking
		  Wormhole},
  volume	= {351},
  issn		= {1432-0916},
  url		= {http://dx.doi.org/10.1007/s00220-016-2792-7},
  doi		= {10.1007/s00220-016-2792-7},
  number	= {2},
  journal	= {Communications in Mathematical Physics},
  publisher	= {Springer Science and Business Media LLC},
  author	= {Bachelot, Alain},
  year		= {2016},
  month		= nov,
  pages		= {599–651}
}

@Article{	  Baskin_2025,
  title		= {Price’s law for the massless Dirac–Coulomb system},
  volume	= {335},
  issn		= {0030-8730},
  url		= {http://dx.doi.org/10.2140/pjm.2025.335.211},
  doi		= {10.2140/pjm.2025.335.211},
  number	= {2},
  journal	= {Pacific Journal of Mathematics},
  publisher	= {Mathematical Sciences Publishers},
  author	= {Baskin, Dean and Gell-Redman, Jesse and Marzuola, Jeremy
		  L.},
  year		= {2025},
  month		= apr,
  pages		= {211–227}
}

@Article{	  BECEANU20165378,
  title		= {Decay estimates for the wave equation in two dimensions},
  journal	= {Journal of Differential Equations},
  volume	= {260},
  number	= {6},
  pages		= {5378-5420},
  year		= {2016},
  issn		= {0022-0396},
  doi		= {https://doi.org/10.1016/j.jde.2015.12.009},
  url		= {https://www.sciencedirect.com/science/article/pii/S002203961500666X},
  author	= {Marius Beceanu},
  keywords	= {Wave equation, Dimension two, Reversed Strichartz
		  estimates, Pointwise decay estimates, Strichartz
		  estimates},
  abstract	= {We establish Strichartz estimates (both reversed and some
		  direct ones), pointwise decay estimates, and weighted decay
		  estimates for the linear wave equation in dimension two
		  with an almost scaling-critical potential, in the case when
		  there is no resonance or eigenvalue at the edge of the
		  spectrum. We also prove some simple applications.}
}

@Book{		  birkhoff,
  author	= {Birkhoff, George David and Langer, Ernst Rudolph},
  title		= {Relativity and Modern Physics},
  publisher	= {Harvard University Press},
  year		= {1927},
  isbn		= {9780674734487}
}

@Article{	  Brady_1995,
  year		= 1995,
  month		= {8},
  publisher	= {American Physical Society ({APS})},
  volume	= {75},
  number	= {7},
  pages		= {1256--1259},
  author	= {Patrick R. Brady and John D. Smith},
  title		= {Black Hole Singularities: A Numerical Approach},
  journal	= {Physical Review Letters}
}

@Article{	  BURQ2003519,
  title		= {Strichartz estimates for the wave and Schrödinger
		  equations with the inverse-square potential},
  journal	= {Journal of Functional Analysis},
  volume	= {203},
  number	= {2},
  pages		= {519-549},
  year		= {2003},
  issn		= {0022-1236},
  doi		= {https://doi.org/10.1016/S0022-1236(03)00238-6},
  url		= {https://www.sciencedirect.com/science/article/pii/S0022123603002386},
  author	= {Nicolas Burq and Fabrice Planchon and John G. Stalker and
		  A.Shadi Tahvildar-Zadeh},
  keywords	= {Inverse-square potential, Wave equation, Schrödinger
		  equation, Strichartz estimate, Morawetz estimate, Smoothing
		  estimate},
  abstract	= {We prove spacetime weighted-L2 estimates for the
		  Schrödinger and wave equation with an inverse-square
		  potential. We then deduce Strichartz estimates for these
		  equations.}
}

@Article{	  Burq20041665,
  author	= {Burq, Nicolas and Planchon, Fabrice and Stalker, John G.
		  and Tahvildar-Zadeh, A.S.},
  title		= {Strichartz estimates for the wave and schrödinger
		  equations with potentials of critical decay},
  year		= {2004},
  journal	= {Indiana University Mathematics Journal},
  volume	= {53},
  number	= {6},
  pages		= {1665 – 1680},
  url		= {https://www.scopus.com/inward/record.uri?eid=2-s2.0-12744280057&partnerID=40&md5=c86bb704d40820cb76572b16e2175e7e},
  type		= {Article},
  publication_stage={Final},
  source	= {Scopus},
  note		= {Cited by: 131}
}

@Article{	  Chandrasekhar1982OnCT,
  title		= {On crossing the Cauchy horizon of a
		  Reissner–Nordstr{\"o}m black-hole},
  author	= {Subrahmanyan Chandrasekhar and James B. Hartle},
  journal	= {Proceedings of the Royal Society of London. A.
		  Mathematical and Physical Sciences},
  year		= {1982},
  volume	= {384},
  pages		= {301 - 315}
}

@Article{	  christodolou91,
  author	= {Christodoulou, Demetrios},
  title		= {The formation of black holes and singularities in
		  spherically symmetric gravitational collapse},
  year		= 1991,
  volume	= 44,
  number	= 3,
  month		= {4},
  pages		= {339–373},
  issn		= {1097-0312},
  journal	= {Comm. Pure and Appl. Math},
  publisher	= {Wiley}
}

@Article{	  christodoulou99,
  author	= {Demetrios Christodoulou},
  journal	= {Annals of Mathematics},
  number	= {1},
  pages		= {183--217},
  publisher	= {Annals of Mathematics},
  title		= {The Instability of Naked Singularities in the
		  Gravitational Collapse of a Scalar Field},
  volume	= {149},
  year		= {1999}
}

@Article{	  Costa_2017,
  title		= {On the Global Uniqueness for the Einstein–Maxwell-Scalar
		  Field System with a Cosmological Constant: Part 3. Mass
		  Inflation and Extendibility of the Solutions},
  volume	= {3},
  number	= {1},
  journal	= {Annals of PDE},
  publisher	= {Springer Science and Business Media LLC},
  author	= {Costa, João L. and Girão, Pedro M. and Natário, José
		  and Silva, Jorge Drumond},
  year		= {2017},
  month		= mar
}

@Article{	  Culetu1994-uf,
  title		= "A ``conformal'' perfect fluid in the classical vacuum",
  author	= "Culetu, H.",
  journal	= "Gen. Relativ. Gravit.",
  publisher	= "Springer Science and Business Media LLC",
  volume	= 26,
  number	= 3,
  pages		= "283--290",
  month		= mar,
  year		= 1994
}

@Article{	  dafermos-rodnianski-price,
  author	= {Dafermos, Mihalis and Rodnianski, Igor},
  title		= {A proof of Price's law for the collapse of a
		  self-gravitating scalar field},
  journal	= {Inventiones mathematicae},
  year		= {2005},
  month		= {11},
  day		= {01},
  volume	= {162},
  number	= {2},
  pages		= {381-457},
  issn		= {1432-1297}
}

@Article{	  dafermos-rodnianski-redshift,
  author	= {Dafermos, Mihalis and Rodnianski, Igor},
  title		= {The red-shift effect and radiation decay on black hole
		  spacetimes},
  journal	= {Comm. Pure and Appl. Math},
  volume	= {62},
  number	= {7},
  pages		= {859-919},
  year		= {2009}
}

@Article{	  dafermos-survey,
  author	= {Mihalis Dafermos},
  editor	= {Istv\'{a}n R\'{a}cz},
  pages		= {89--90},
  journal	= {Relativity today: Proceedings of the Seventh Hungarian
		  Relativity Workshop, Budapest},
  title		= {Price's law, mass inflation, and strong cosmic
		  censorship},
  year		= {2004}
}

@Article{	  dafermos03,
  author	= {Mihalis Dafermos},
  journal	= {Annals of Mathematics},
  number	= {3},
  pages		= {875--928},
  publisher	= {Annals of Mathematics},
  title		= {Stability and Instability of the Cauchy Horizon for the
		  Spherically Symmetric Einstein-Maxwell-Scalar Field
		  Equations},
  volume	= {158},
  year		= {2003}
}

@Article{	  dafermos05,
  author	= {Dafermos, Mihalis},
  title		= {The interior of charged black holes and the problem of
		  uniqueness in general relativity},
  journal	= {Comm. Pure and Appl. Math},
  volume	= {58},
  number	= {4},
  pages		= {445-504},
  year		= {2005}
}

@Article{	  Dafermos_2005,
  year		= 2005,
  month		= {5},
  publisher	= {{IOP} Publishing},
  volume	= {22},
  number	= {11},
  pages		= {2221--2232},
  author	= {Mihalis Dafermos},
  title		= {Spherically symmetric spacetimes with a trapped surface},
  journal	= {Classical and Quantum Gravity}
}

@Article{	  Dafermos_2014,
  year		= 2014,
  month		= {5},
  publisher	= {Springer Science and Business Media {LLC}},
  volume	= {332},
  number	= {2},
  pages		= {729--757},
  author	= {Mihalis Dafermos},
  title		= {Black Holes Without Spacelike Singularities},
  journal	= {Comm. Math. Phys.}
}

@Article{	  DBailin_1987,
  doi		= {10.1088/0034-4885/50/9/001},
  url		= {https://dx.doi.org/10.1088/0034-4885/50/9/001},
  year		= {1987},
  omonth	= {sep},
  publisher	= {},
  volume	= {50},
  number	= {9},
  pages		= {1087},
  author	= {D. Bailin and A. Love},
  title		= {Kaluza-Klein theories},
  journal	= {Reports on Progress in Physics}
}

@Article{	  donninger2011pointwise,
  title		= {On pointwise decay of linear waves on a Schwarzschild
		  black hole background},
  author	= {Roland Donninger and Wilhelm Schlag and Avy Soffer},
  journal	= {Comm. Math. Phys.},
  number	= {309},
  pages		= {51--86},
  year		= {2012},
  eprint	= {0911.3179}
}

@Article{	  Donninger_2011,
  title		= {A proof of Price’s Law on Schwarzschild black hole
		  manifolds for all angular momenta},
  volume	= {226},
  number	= {1},
  journal	= {Adv. Math.},
  publisher	= {Elsevier BV},
  author	= {Donninger, Roland and Schlag, Wilhelm and Soffer, Avy},
  year		= {2011},
  month		= jan,
  pages		= {484–540}
}

@Article{	  FANELLI2022108333,
  title		= {Dispersive estimates for 2D-wave equations with critical
		  potentials},
  journal	= {Advances in Mathematics},
  volume	= {400},
  pages		= {108333},
  year		= {2022},
  issn		= {0001-8708},
  doi		= {https://doi.org/10.1016/j.aim.2022.108333},
  url		= {https://www.sciencedirect.com/science/article/pii/S0001870822001499},
  author	= {Luca Fanelli and Junyong Zhang and Jiqiang Zheng},
  keywords	= {Decay estimates, Strichartz estimates, Aharonov-Bohm
		  magnetic field, Scaling-critical electromagnetic potential,
		  Wave equation},
  abstract	= {We study the 2D-wave equation with a scaling-critical
		  electromagnetic potential. This problem is doubly critical,
		  because of the scaling invariance of the model and the
		  singularities of the potentials, which are not locally
		  integrable. In particular, the diamagnetic phenomenon
		  allows to consider negative electric potential which can be
		  singular in the same fashion as the inverse-square
		  potential. We prove sharp time-decay estimates in the
		  purely magnetic case, and Strichartz estimates for the
		  complete model, involving a critical electromagnetic
		  field.}
}

@Article{	  Franzen_2016,
  title		= {Boundedness of Massless Scalar Waves on
		  Reissner-Nordström Interior Backgrounds},
  volume	= {343},
  pages		= {601--650},
  journal	= {Comm. Math. Phys.},
  author	= {Anne T. Franzen},
  year		= {2016}
}

@Article{	  Franzen_2020,
  title		= {Boundedness of Massless Scalar Waves on Kerr Interior
		  Backgrounds},
  volume	= {21},
  number	= {4},
  journal	= {Annales Henri Poincaré},
  publisher	= {Springer Science and Business Media LLC},
  author	= {Franzen, Anne T.},
  year		= {2020},
  month		= feb,
  pages		= {1045–1111}
}

@Article{	  GAJIC2023110058,
  title		= {Late-time asymptotics for geometric wave equations with
		  inverse-square potentials},
  journal	= {Journal of Functional Analysis},
  volume	= {285},
  number	= {7},
  pages		= {110058},
  year		= {2023},
  issn		= {0022-1236},
  doi		= {https://doi.org/10.1016/j.jfa.2023.110058},
  url		= {https://www.sciencedirect.com/science/article/pii/S002212362300215X},
  author	= {Dejan Gajic}
}

@Misc{		  gajic2024latetimetailsscaleinvariantwave,
  title		= {Late-time tails for scale-invariant wave equations with a
		  potential and the near-horizon geometry of null infinity},
  author	= {Dejan Gajic and Maxime Van de Moortel},
  year		= {2024},
  eprint	= {2401.13047},
  archiveprefix	= {arXiv},
  primaryclass	= {math.AP},
  url		= {https://arxiv.org/abs/2401.13047}
}

@Article{	  Green_2014,
  title		= {Time decay estimates for the wave equation with potential
		  in dimension two},
  volume	= {257},
  issn		= {0022-0396},
  url		= {http://dx.doi.org/10.1016/j.jde.2014.04.020},
  doi		= {10.1016/j.jde.2014.04.020},
  number	= {3},
  journal	= {Journal of Differential Equations},
  publisher	= {Elsevier BV},
  author	= {Green, William R.},
  year		= {2014},
  month		= aug,
  pages		= {868–919}
}

@Article{	  HAMILTON20101,
  title		= {The physics of the relativistic counter-streaming
		  instability that drives mass inflation inside black holes},
  journal	= {Physics Reports},
  volume	= {495},
  number	= {1},
  pages		= {1-32},
  year		= {2010},
  issn		= {0370-1573},
  author	= {Andrew J.S. Hamilton and Pedro P. Avelino}
}

@Article{	  Hintz_2017,
  title		= {Boundedness and decay of scalar waves at the Cauchy
		  horizon of the Kerr spacetime},
  volume	= {92},
  number	= {4},
  journal	= {Commentarii Mathematici Helvetici},
  publisher	= {European Mathematical Society - EMS - Publishing House
		  GmbH},
  author	= {Hintz, Peter},
  year		= {2017},
  month		= oct,
  pages		= {801–837}
}

@Article{	  Hintz_2017_2,
  title		= {Analysis of linear waves near the Cauchy horizon of
		  cosmological black holes},
  volume	= {58},
  number	= {8},
  journal	= {Journal of Mathematical Physics},
  publisher	= {AIP Publishing},
  author	= {Hintz, Peter and Vasy, András},
  year		= {2017},
  month		= {8}
}

@Article{	  https://doi.org/10.1002/cpa.21864,
  author	= {Klainerman, Sergiu and Wang, Qian and Yang, Shiwu},
  title		= {Global Solution for Massive Maxwell-Klein-Gordon
		  Equations},
  journal	= {Communications on Pure and Applied Mathematics},
  volume	= {73},
  number	= {1},
  pages		= {63-109},
  doi		= {https://doi.org/10.1002/cpa.21864},
  url		= {https://onlinelibrary.wiley.com/doi/abs/10.1002/cpa.21864},
  eprint	= {https://onlinelibrary.wiley.com/doi/pdf/10.1002/cpa.21864},
  year		= {2020}
}

@Article{	  HuneauStingo24,
  title		= {Global well-posedness for a system of quasilinear wave
		  equations on a product space},
  volume	= {17},
  issn		= {2157-5045},
  url		= {http://dx.doi.org/10.2140/apde.2024.17.2033},
  doi		= {10.2140/apde.2024.17.2033},
  number	= {6},
  journal	= {Analysis &amp; PDE},
  publisher	= {Mathematical Sciences Publishers},
  author	= {Huneau, Cécile and Stingo, Annalaura},
  year		= {2024},
  month		= jul,
  pages		= {2033–2075}
}

@Article{	  israel-poisson,
  title		= {Inner-horizon instability and mass inflation in black
		  holes},
  author	= {Eric Poisson and Werner Israel},
  journal	= {Phys. Rev. Lett.},
  volume	= {63},
  issue		= {16},
  pages		= {1663--1666},
  year		= {1989},
  month		= {10},
  publisher	= {American Physical Society}
}

@Misc{		  kaluzakleinstability,
  title		= {The global stability of the Kaluza-Klein spacetime},
  author	= {Cécile Huneau and Annalaura Stingo and Zoe Wyatt},
  year		= {2023},
  eprint	= {2307.15267},
  archiveprefix	= {arXiv},
  primaryclass	= {gr-qc},
  url		= {https://arxiv.org/abs/2307.15267}
}

@Misc{		  kehle2022gravitational,
  title		= {Gravitational collapse to extremal black holes and the
		  third law of black hole thermodynamics},
  author	= {Christoph Kehle and Ryan Unger},
  year		= {2022},
  eprint	= {2211.15742},
  archiveprefix	= {arXiv},
  primaryclass	= {gr-qc}
}

@Misc{		  kehle2022strong,
  title		= {Strong Cosmic Censorship in the presence of matter: the
		  decisive effect of horizon oscillations on the black hole
		  interior geometry},
  author	= {Christoph Kehle and Maxime Van de Moortel},
  year		= {2022},
  eprint	= {2105.04604},
  archiveprefix	= {arXiv},
  primaryclass	= {gr-qc}
}

@Article{	  Kommemi2013TheGS,
  title		= {The Global Structure of Spherically Symmetric Charged
		  Scalar Field Spacetimes},
  author	= {Jonathan Kommemi},
  journal	= {Comm. Math. Phys.},
  year		= {2013},
  volume	= {323},
  pages		= {35 - 106}
}

@Article{	  luk-oh-scc1,
  author	= {Jonathan Luk and Sung-Jin Oh},
  title		= {{Strong cosmic censorship in spherical symmetry for
		  two-ended asymptotically flat initial data I. The interior
		  of the black hole region}},
  volume	= {190},
  journal	= {Annals of Mathematics},
  number	= {1},
  publisher	= {Department of Mathematics of Princeton University},
  pages		= {1 -- 111},
  keywords	= {black hole interior, Cauchy horizon, null singularities,
		  strong cosmic censorship},
  year		= {2019}
}

@Article{	  luk-oh-scc2,
  author	= {Luk, Jonathan and Oh, Sung-Jin},
  title		= {Strong Cosmic Censorship in Spherical Symmetry for
		  Two-Ended Asymptotically Flat Initial Data II: The Exterior
		  of the Black Hole Region},
  journal	= {Annals of PDE},
  year		= {2019},
  month		= {3},
  day		= {06},
  volume	= {5},
  number	= {1},
  pages		= {6},
  issn		= {2199-2576}
}

@Misc{		  luk-oh-tails,
  title		= {Late time tail of waves on dynamic asymptotically flat
		  spacetimes of odd space dimensions},
  author	= {Jonathan Luk and Sung-Jin Oh},
  year		= {2024},
  eprint	= {2404.02220},
  archiveprefix	= {arXiv},
  primaryclass	= {gr-qc}
}

###Misc{	  luk-oh-tails,
  title		= {Late time tail of waves on dynamic asymptotically flat
		  spacetimes of odd space dimensions},
  author	= {Jonathan Luk and Sung-Jin Oh},
  year		= {2024},
  eprint	= {2404.02220},
  archiveprefix	= {arXiv},
  primaryclass	= {gr-qc}
}

@Article{	  luk2022scattering,
  title		= {A Scattering Theory Approach to Cauchy Horizon Instability
		  and Applications to Mass Inflation},
  volume	= {24},
  number	= {2},
  journal	= {Annales Henri Poincaré},
  publisher	= {Springer Science and Business Media LLC},
  author	= {Luk, Jonathan and Oh, Sung-Jin and Shlapentokh-Rothman,
		  Yakov},
  year		= {2022},
  month		= jul,
  pages		= {363–411}
}

@Article{	  Luk:2015pay,
  title		= "Instability results for the wave equation in the interior
		  of Kerr black holes",
  author	= "Jonathan Luk and Jan Sbierski",
  year		= "2016",
  month		= oct,
  day		= "1",
  language	= "English",
  volume	= "271",
  pages		= "1948--1995",
  journal	= "Journal of functional analysis",
  issn		= "0022-1236",
  publisher	= "Academic Press Inc.",
  number	= "7"
}

@Article{	  Luk_2010,
  title		= {Improved Decay for Solutions to the Linear Wave Equation
		  on a Schwarzschild Black Hole},
  volume	= {11},
  number	= {5},
  journal	= {Annales Henri Poincaré},
  publisher	= {Springer Science and Business Media LLC},
  author	= {Luk, Jonathan},
  year		= {2010},
  month		= oct,
  pages		= {805–880}
}

@Article{	  Luk_2017,
  title		= {Proof of linear instability of the Reissner–Nordström
		  Cauchy horizon under scalar perturbations},
  volume	= {166},
  number	= {3},
  journal	= {Duke Mathematical Journal},
  publisher	= {Duke University Press},
  author	= {Luk, Jonathan and Oh, Sung-Jin},
  year		= {2017},
  month		= feb
}

@Article{	  ma2023precise,
  title		= {Precise late-time asymptotics of scalar field in the
		  interior of a subextreme Kerr black hole and its
		  application in Strong Cosmic Censorship conjecture},
  author	= {Siyuan Ma and Lin Zhang},
  journal	= {Trans. Amer. Math. Soc.},
  number	= {376},
  pages		= {7815-7856},
  year		= {2023}
}

@Article{	  Ma_2023,
  title		= {Sharp Decay for Teukolsky Equation in Kerr Spacetimes},
  volume	= {401},
  number	= {1},
  journal	= {Comm. Math. Phys.},
  publisher	= {Springer Science and Business Media LLC},
  author	= {Ma, Siyuan and Zhang, Lin},
  year		= {2023},
  month		= feb,
  pages		= {333–434}
}

@PhDThesis{	  matlin-thesis,
  author	= {Matlin, Mark D.},
  year		= {1991},
  title		= {On some features of the five-dimensional Witten bubble
		  spacetime},
  journal	= {ProQuest Dissertations and Theses},
  pages		= {159},
  isbn		= {979-8-208-32498-1},
  language	= {English}
}

@Unpublished{	  maxime-spacelike-null,
  title		= {The coexistence of null and spacelike singularities inside
		  spherically symmetric black holes},
  author	= {Van de Moortel, Maxime},
  year		= {2024+},
  note		= {In preparation}
}

@Article{	  mcnamara78,
  title		= {Instability of black hole inner horizons},
  journal	= {Proc. R. Soc. Lond. A},
  author	= {McNamara, John Michael},
  year		= {1978},
  number	= {358},
  pages		= {499--517}
}

@Article{	  metcalfe-hepditch-obstacle,
  author	= {Hepditch, Kellan and Metcalfe, Jason},
  year		= {2023},
  month		= {08},
  pages		= {483-492},
  title		= {A local energy estimate for 2-dimensional Dirichlet wave
		  equations},
  volume	= {16},
  journal	= {Involve, a Journal of Mathematics},
  doi		= {10.2140/involve.2023.16.483}
}

@Misc{		  millet2023optimal,
  title		= {Optimal decay for solutions of the Teukolsky equation on
		  the Kerr metric for the full subextremal range \(|a| < M\)},
  author	= {Pascal Millet},
  year		= {2023},
  eprint	= {2302.06946},
  archiveprefix	= {arXiv}
}

@Article{	  moschidis-rp,
  title		= {The \(r^{p}\)-weighted energy method of Dafermos and
		  Rodnianski in general asymptotically flat spacetimes and
		  applications},
  author	= {Georgios Moschidis},
  journal	= {Annals of PDE},
  year		= {2016},
  volume	= {2},
  number	= {6},
  pages		= {1--194}
}

@Article{	  MR0039426,
  author	= {Synge, John Lighton},
  title		= {The gravitational field of a particle},
  journal	= {Proc. Roy. Irish Acad. Sect. A},
  volume	= {53},
  year		= {1950},
  pages		= {83--114},
  mrclass	= {83.0X},
  mrnumber	= {0039426},
  mrreviewer	= {M. Wyman}
}

@Book{		  MR0424186,
  author	= {Hawking, Stephen William and Ellis, George F. R.},
  title		= {The large scale structure of space-time},
  series	= {Cambridge Monographs on Mathematical Physics, No. 1},
  publisher	= {Cambridge University Press, London-New York},
  year		= {1973},
  pages		= {xi+391},
  mrclass	= {83.58},
  mrnumber	= {0424186},
  mrreviewer	= {Michael P. Ryan, Jr.}
}

@Article{	  MR1118553,
  author	= {Ori, Amos},
  title		= {Inner structure of a charged black hole: an exact
		  mass-inflation solution},
  journal	= {Phys. Rev. Lett.},
  fjournal	= {Physical Review Letters},
  volume	= {67},
  year		= {1991},
  number	= {7},
  pages		= {789--792},
  mrclass	= {83C57 (83C75)},
  mrnumber	= {1118553}
}

@Book{		  MR1143281,
  author	= {Chru\'{s}ciel, Piotr T.},
  title		= {On uniqueness in the large of solutions of {E}instein's
		  equations (``strong cosmic censorship'')},
  series	= {Proceedings of the Centre for Mathematics and its
		  Applications, Australian National University},
  volume	= {27},
  publisher	= {Australian National University, Centre for Mathematics and
		  its Applications, Canberra},
  year		= {1991},
  pages		= {130},
  isbn		= {0-7315-0443-7},
  mrclass	= {83C05 (53C50 53C80 83C75)},
  mrnumber	= {1143281},
  mrreviewer	= {J. K. Beem}
}

@Article{	  MR132908,
  author	= {Morawetz, Cathleen S.},
  title		= {The decay of solutions of the exterior initial-boundary
		  value problem for the wave equation},
  journal	= {Comm. Pure Appl. Math.},
  fjournal	= {Comm. Pure and Appl. Math},
  volume	= {14},
  year		= {1961},
  pages		= {561--568},
  mrclass	= {35.76},
  mrnumber	= {132908},
  mrreviewer	= {H. G. Garnir}
}

@Article{	  MR1374174,
  author	= {Klainerman, Sergiu and Sideris, Thomas C.},
  title		= {On almost global existence for nonrelativistic wave
		  equations in {$3$}{D}},
  journal	= {Comm. Pure Appl. Math.},
  fjournal	= {Comm. Pure and Appl. Math},
  volume	= {49},
  year		= {1996},
  number	= {3},
  pages		= {307--321},
  mrclass	= {35L75 (35A07 35Q72)},
  mrnumber	= {1374174},
  mrreviewer	= {Mehmet Can}
}

@Book{		  MR1402241,
  author	= {Einstein, Albert},
  title		= {The collected papers of {A}lbert {E}instein. {V}ol. 6},
  note		= {The Berlin years: writings, 1914--1917, Edited by A. J.
		  Kox, Martin J. Klein and Robert Schulmann},
  publisher	= {Princeton University Press, Princeton, NJ},
  year		= {1996},
  pages		= {xxviii+626},
  isbn		= {0-691-01086-2},
  mrclass	= {01A75 (00A79)},
  mrnumber	= {1402241},
  mrreviewer	= {H. Treder}
}

@Article{	  MR141500,
  author	= {Newman, Ezra and Penrose, Roger},
  title		= {An approach to gravitational radiation by a method of spin
		  coefficients},
  journal	= {J. Mathematical Phys.},
  fjournal	= {Journal of Mathematical Physics},
  volume	= {3},
  year		= {1962},
  pages		= {566--578},
  mrclass	= {83.53},
  mrnumber	= {141500},
  mrreviewer	= {A. H. Taub}
}

@Book{		  MR1492181,
  author	= {Einstein, Albert},
  title		= {The collected papers of {A}lbert {E}instein. {V}ol. 6},
  note		= {The Berlin years: writings, 1914--1917, English
		  translation of selected texts by Alfred Engel in
		  consultation with Engelbert Schucking, With a preface by
		  Engel and Schucking},
  publisher	= {Princeton University Press, Princeton, NJ},
  year		= {1997},
  pages		= {xii+449},
  isbn		= {0-691-01734-4},
  mrclass	= {01A75},
  mrnumber	= {1492181}
}

@Article{	  MR156674,
  author	= {Kerr, Roy Patrick},
  title		= {Gravitational field of a spinning mass as an example of
		  algebraically special metrics},
  journal	= {Phys. Rev. Lett.},
  fjournal	= {Physical Review Letters},
  volume	= {11},
  year		= {1963},
  pages		= {237--238},
  mrclass	= {83.53},
  mrnumber	= {156674},
  mrreviewer	= {C. Gilbert}
}

@Article{	  MR1982197,
  author	= {Schwarzschild, Karl},
  title		= {On the gravitational field of a mass point according to
		  {E}instein's theory},
  note		= {Translated from the original German article [Sitzungsber.
		  K\"{o}nigl. Preussich. Akad. Wiss. Berlin Phys. Math. Kl.
		  {{\bf{1}}916}, 189--196] by S. Antoci and A. Loinger},
  journal	= {Gen. Relativity Gravitation},
  fjournal	= {General Relativity and Gravitation},
  volume	= {35},
  year		= {2003},
  number	= {5},
  pages		= {951--959},
  mrclass	= {83C15},
  mrnumber	= {1982197},
  mrreviewer	= {J. B. Griffiths}
}

@Article{	  MR2193059,
  author	= {Jebsen, J\o{}rg Tofte},
  title		= {On the general spherically symmetric solutions of
		  {E}instein's gravitational equations in vacuo},
  note		= {Translated from the 1921 German original [Ark. Mat.
		  Astronom. Fyz. {{\bf{1}}5} (1921), no. 18, 1--9] by S.
		  Antoci and D.-E. Liebscher},
  journal	= {Gen. Relativity Gravitation},
  fjournal	= {General Relativity and Gravitation},
  volume	= {37},
  year		= {2005},
  number	= {12},
  pages		= {2253--2259},
  mrclass	= {83C20},
  mrnumber	= {2193059},
  mrreviewer	= {Sunil D. Maharaj}
}

@Article{	  MR250640,
  author	= {Choquet-Bruhat, Yvonne and Geroch, Robert},
  title		= {Global aspects of the {C}auchy problem in general
		  relativity},
  journal	= {Comm. Math. Phys.},
  fjournal	= {Comm. Math. Phys.},
  volume	= {14},
  year		= {1969},
  pages		= {329--335},
  mrclass	= {83.53},
  mrnumber	= {250640},
  mrreviewer	= {H. A. Buchdahl}
}

@Book{		  MR2527641,
  author	= {Ringstr\"{o}m, Hans},
  title		= {The {C}auchy problem in general relativity},
  series	= {ESI Lectures in Mathematics and Physics},
  publisher	= {European Mathematical Society (EMS), Z\"{u}rich},
  year		= {2009},
  pages		= {xiv+294},
  isbn		= {978-3-03719-053-1},
  mrclass	= {83-02 (35Q75 53C80 83C05)},
  mrnumber	= {2527641},
  mrreviewer	= {Paul T. Allen}
}

@InCollection{	  MR2882425,
  author	= {Christodoulou, Demetrios},
  title		= {The formation of black holes in general relativity},
  booktitle	= {Geometry and analysis. {N}o. 1},
  series	= {Adv. Lect. Math. (ALM)},
  volume	= {17},
  pages		= {247--283},
  publisher	= {Int. Press, Somerville, MA},
  year		= {2011},
  mrclass	= {83C57 (53C80 83-02 83C05 83C75)},
  mrnumber	= {2882425},
  mrreviewer	= {Gil De Oliveira-Neto}
}

@Article{	  MR2921169,
  author	= {Metcalfe, Jason and Tataru, Daniel and Tohaneanu, Mihai},
  title		= {Price's law on nonstationary space-times},
  journal	= {Adv. Math.},
  volume	= {230},
  year		= {2012},
  number	= {3},
  pages		= {995--1028},
  mrclass	= {58J45 (35B40 35L15 35R01)},
  mrnumber	= {2921169},
  mrreviewer	= {Atanas G. Stefanov}
}

@InCollection{	  MR3098640,
  author	= {Dafermos, Mihalis and Rodnianski, Igor},
  title		= {Lectures on black holes and linear waves},
  booktitle	= {Evolution equations},
  series	= {Clay Math. Proc.},
  volume	= {17},
  pages		= {97--205},
  publisher	= {Amer. Math. Soc., Providence, RI},
  year		= {2013},
  mrclass	= {83C57 (35Q75 35R01 58J99 83C05)},
  mrnumber	= {3098640},
  mrreviewer	= {Hans-Peter K\"{u}nzle}
}

@Article{	  MR3488738,
  author	= {Dafermos, Mihalis and Rodnianski, Igor and
		  Shlapentokh-Rothman, Yakov},
  title		= {Decay for solutions of the wave equation on {K}err
		  exterior spacetimes {III}: {T}he full subextremal case
		  {$|a|<M$}},
  journal	= {Ann. of Math. (2)},
  fjournal	= {Annals of Mathematics. Second Series},
  volume	= {183},
  year		= {2016},
  number	= {3},
  pages		= {787--913},
  mrclass	= {35Q75 (35B30 35B40 35R01 58J45 83C57)},
  mrnumber	= {3488738},
  mrreviewer	= {Reinhard Redlinger}
}

@Article{	  MR3629139,
  author	= {Costa, Jo\~{a}o L. and Gir\~{a}o, Pedro M. and
		  Nat\'{a}rio, Jos\'{e} and Silva, Jorge Drumond},
  title		= {On the global uniqueness for the
		  {E}instein-{M}axwell-{S}calar field system with a
		  cosmological constant: {P}art 3. {M}ass inflation and
		  extendibility of the solutions},
  journal	= {Ann. PDE},
  fjournal	= {Annals of PDE. Journal Dedicated to the Analysis of
		  Problems from Physical Sciences},
  volume	= {3},
  year		= {2017},
  number	= {1},
  pages		= {Paper No. 8, 55},
  mrclass	= {83C22 (35Q76 83C05 83C57 83C75)},
  mrnumber	= {3629139},
  mrreviewer	= {Pierre Noundjeu}
}

@Article{	  MR3725885,
  author	= {Yannis Angelopoulos and Stefanos Aretakis and Dejan
		  Gajic},
  title		= {Late-time asymptotics for the wave equation on spherically
		  symmetric, stationary spacetimes},
  journal	= {Adv. Math.},
  volume	= {323},
  year		= {2018},
  pages		= {529--621},
  mrclass	= {35Q75 (35L10 35R01 83C57)},
  mrnumber	= {3725885},
  mrreviewer	= {Theophanes Grammenos}
}

###Article{	  MR3725885,
  author	= {Yannis Angelopoulos and Stefanos Aretakis and Dejan
		  Gajic},
  title		= {Late-time asymptotics for the wave equation on spherically
		  symmetric, stationary spacetimes},
  journal	= {Adv. Math.},
  volume	= {323},
  year		= {2018},
  pages		= {529--621},
  mrclass	= {35Q75 (35L10 35R01 83C57)},
  mrnumber	= {3725885},
  mrreviewer	= {Theophanes Grammenos}
}

@Article{	  MR3816427,
  author	= {Hintz, Peter and Vasy, Andr\'{a}s},
  title		= {The global non-linear stability of the {K}err--de {S}itter
		  family of black holes},
  journal	= {Acta Math.},
  fjournal	= {Acta Mathematica},
  volume	= {220},
  year		= {2018},
  number	= {1},
  pages		= {1--206},
  mrclass	= {83C57 (35B35 35Q75 35R01 58Z05)},
  mrnumber	= {3816427},
  mrreviewer	= {Mihai Tohaneanu}
}

@Article{	  MR3941803,
  author	= {Dafermos, Mihalis and Holzegel, Gustav and Rodnianski,
		  Igor},
  title		= {The linear stability of the {S}chwarzschild solution to
		  gravitational perturbations},
  journal	= {Acta Math.},
  fjournal	= {Acta Mathematica},
  volume	= {222},
  year		= {2019},
  number	= {1},
  pages		= {1--214},
  mrclass	= {83C15 (83C05)},
  mrnumber	= {3941803},
  mrreviewer	= {Keshlan S. Govinder}
}

@Article{	  MR4227173,
  author	= {Van de Moortel, Maxime},
  title		= {Mass inflation and the {$C^2$}-inextendibility of
		  spherically symmetric charged scalar field dynamical black
		  holes},
  journal	= {Comm. Math. Phys.},
  fjournal	= {Comm. Math. Phys.},
  volume	= {382},
  year		= {2021},
  number	= {2},
  pages		= {1263--1341},
  mrclass	= {83C05 (83C57 83C75)},
  mrnumber	= {4227173},
  mrreviewer	= {Mihai Tohaneanu}
}

@Article{	  MR4365146,
  author	= {Hintz, Peter},
  title		= {A sharp version of {P}rice's law for wave decay on
		  asymptotically flat spacetimes},
  journal	= {Comm. Math. Phys.},
  fjournal	= {Comm. Math. Phys.},
  volume	= {389},
  year		= {2022},
  number	= {1},
  pages		= {491--542},
  mrclass	= {58J37 (35Q83 81T20 83C57)},
  mrnumber	= {4365146}
}

###Article{	  MR4365146,
  author	= {Hintz, Peter},
  title		= {A sharp version of {P}rice's law for wave decay on
		  asymptotically flat spacetimes},
  journal	= {Comm. Math. Phys.},
  fjournal	= {Comm. Math. Phys.},
  volume	= {389},
  year		= {2022},
  number	= {1},
  pages		= {491--542},
  mrclass	= {58J37 (35Q83 81T20 83C57)},
  mrnumber	= {4365146}
}

@Article{	  MR53338,
  author	= {Four\`es-Bruhat, Y.},
  title		= {Th\'{e}or\`eme d'existence pour certains syst\`emes
		  d'\'{e}quations aux d\'{e}riv\'{e}es partielles non
		  lin\'{e}aires},
  journal	= {Acta Math.},
  fjournal	= {Acta Mathematica},
  volume	= {88},
  year		= {1952},
  pages		= {141--225},
  mrclass	= {36.0X},
  mrnumber	= {53338},
  mrreviewer	= {F. John}
}

@Article{	  MR617171,
  author	= {Hiscock, William A.},
  title		= {Evolution of the interior of a charged black hole},
  journal	= {Phys. Lett. A},
  fjournal	= {Physics Letters. A},
  volume	= {83},
  year		= {1981},
  number	= {3},
  pages		= {110--112},
  mrclass	= {83C15},
  mrnumber	= {617171}
}

@Article{	  MR742192,
  author	= {Christodoulou, Demetrios},
  title		= {Violation of cosmic censorship in the gravitational
		  collapse of a dust cloud},
  journal	= {Comm. Math. Phys.},
  fjournal	= {Comm. Math. Phys.},
  volume	= {93},
  year		= {1984},
  number	= {2},
  pages		= {171--195},
  mrclass	= {83C75},
  mrnumber	= {742192},
  mrreviewer	= {Petr H\'{a}j\'{\i}\v{c}ek}
}

@Book{		  MR757180,
  author	= {Wald, Robert M.},
  title		= {General relativity},
  publisher	= {University of Chicago Press, Chicago, IL},
  year		= {1984},
  pages		= {xiii+491},
  isbn		= {0-226-87032-4},
  mrclass	= {83-02 (83-01)},
  mrnumber	= {757180},
  mrreviewer	= {Arthur Greenspoon}
}

@Article{	  MR784477,
  author	= {Klainerman, Sergiu},
  title		= {Uniform decay estimates and the {L}orentz invariance of
		  the classical wave equation},
  journal	= {Comm. Pure Appl. Math.},
  fjournal	= {Comm. Pure and Appl. Math},
  volume	= {38},
  year		= {1985},
  number	= {3},
  pages		= {321--332},
  mrclass	= {35L70 (35B40)},
  mrnumber	= {784477},
  mrreviewer	= {C. Bardos}
}

@Article{	  MR91832,
  author	= {Regge, Tullio and Wheeler, John A.},
  title		= {Stability of a {S}chwarzschild singularity},
  journal	= {Phys. Rev. (2)},
  fjournal	= {Physical Review. Series II},
  volume	= {108},
  year		= {1957},
  pages		= {1063--1069},
  mrclass	= {83.0X},
  mrnumber	= {91832},
  mrreviewer	= {S. N. Gupta}
}

@Article{	  MR995773,
  author	= {Whiting, Bernard F.},
  title		= {Mode stability of the {K}err black hole},
  journal	= {J. Math. Phys.},
  fjournal	= {Journal of Mathematical Physics},
  volume	= {30},
  year		= {1989},
  number	= {6},
  pages		= {1301--1305},
  mrclass	= {83C25 (83C15)},
  mrnumber	= {995773}
}

@Article{	  nordstrom,
  author	= {{Nordstr{\"o}m}, Gunnar},
  title		= "{On the Energy of the Gravitation field in Einstein's
		  Theory}",
  journal	= {Koninklijke Nederlandse Akademie van Wetenschappen
		  Proceedings Series B Physical Sciences},
  year		= 1918,
  month		= jan,
  volume	= {20},
  pages		= {1238-1245},
  adsnote	= {Provided by the SAO/NASA Astrophysics Data System}
}

@Article{	  Ofer_Aharony_2002,
  doi		= {10.1088/1126-6708/2002/07/007},
  url		= {https://dx.doi.org/10.1088/1126-6708/2002/07/007},
  year		= {2002},
  month		= {aug},
  publisher	= {},
  volume	= {2002},
  number	= {07},
  pages		= {007},
  author	= {Ofer Aharony and Michal Fabinger and Gary T. Horowitz and
		  Eva Silverstein},
  title		= {Clean Time-Dependent String Backgrounds from Bubble
		  Baths},
  journal	= {Journal of High Energy Physics}
}

@Book{		  Olver1997-en,
  title		= "Asymptotics and Special Functions",
  author	= "Olver, Frank",
  publisher	= "CRC Press",
  month		= jan,
  year		= 1997,
  address	= "Boca Raton, FL"
}

@Article{	  osti_4125134,
  title		= {Structure of space-time},
  author	= {Penrose, Roger},
  journal	= {Battelle Rencontres},
  editor	= {de Witt, C.M. and Wheeler, J.A.},
  pages		= {121--235},
  year		= {1968},
  month		= {1}
}

@Article{	  osti_4318110,
  title		= {Perturbations of a rotating black hole. I. Fundamental
		  equations for gravitational, electromagnetic, and
		  neutrino-field perturbations},
  author	= {Teukolsky, Saul A.},
  abstractnote	= {},
  journal	= {Astrophys. J.},
  volume	= {185},
  number	= {2},
  pages		= {635--647},
  place		= {United States},
  year		= {1973},
  month		= {10}
}

@Article{	  osti_4461850,
  title		= {Internal instability in a Reissner--Nordstr{\"o}m black
		  hole},
  author	= {Simpson, Michael and Penrose, Roger},
  abstractnote	= {},
  journal	= {Int. J. Theor. Phys.},
  number	= 3,
  volume	= 7,
  pages		= {183--197},
  place		= {United Kingdom},
  year		= {1973},
  month		= {4}
}

@Article{	  PhysRev.110.965,
  title		= {Past-Future Asymmetry of the Gravitational Field of a
		  Point Particle},
  author	= {Finkelstein, David},
  journal	= {Phys. Rev.},
  volume	= {110},
  issue		= {4},
  pages		= {965--967},
  numpages	= {0},
  year		= {1958},
  month		= {5},
  publisher	= {American Physical Society}
}

@Article{	  PhysRev.174.1559,
  title		= {Global Structure of the Kerr Family of Gravitational
		  Fields},
  author	= {Carter, Brandon},
  journal	= {Phys. Rev.},
  volume	= {174},
  issue		= {5},
  pages		= {1559--1571},
  numpages	= {0},
  year		= {1968},
  month		= {10 },
  publisher	= {American Physical Society}
}

@Article{	  PhysRev.56.455,
  title		= {On Continued Gravitational Contraction},
  author	= {Oppenheimer, J. Robert and Snyder, Hartland},
  journal	= {Phys. Rev.},
  volume	= {56},
  issue		= {5},
  pages		= {455--459},
  numpages	= {0},
  year		= {1939},
  month		= {Sep},
  publisher	= {American Physical Society}
}

@Article{	  PhysRevD.28.761,
  title		= {Thermal ambience of expanding event horizon in Minkowski
		  space-time},
  author	= {Gerlach, Ulrich H.},
  journal	= {Phys. Rev. D},
  volume	= {28},
  issue		= {4},
  pages		= {761--771},
  numpages	= {0},
  year		= {1983},
  month		= {Aug},
  publisher	= {American Physical Society},
  doi		= {10.1103/PhysRevD.28.761},
  url		= {https://link.aps.org/doi/10.1103/PhysRevD.28.761}
}

@Article{	  PhysRevD.35.1811,
  title		= {Tachyonic compactification},
  author	= {Davidson, Aharon},
  journal	= {Phys. Rev. D},
  volume	= {35},
  issue		= {6},
  pages		= {1811--1814},
  numpages	= {0},
  year		= {1987},
  month		= {03},
  publisher	= {American Physical Society},
  doi		= {10.1103/PhysRevD.35.1811},
  url		= {https://link.aps.org/doi/10.1103/PhysRevD.35.1811}
}

@Article{	  PhysRevD.39.3151,
  title		= {Geodesic motion in a Kaluza-Klein bubble spacetime},
  author	= {Brill, D. R. and Matlin, M. D.},
  journal	= {Phys. Rev. D},
  volume	= {39},
  issue		= {10},
  pages		= {3151--3154},
  numpages	= {0},
  year		= {1989},
  month		= {05},
  publisher	= {American Physical Society},
  doi		= {10.1103/PhysRevD.39.3151},
  url		= {https://link.aps.org/doi/10.1103/PhysRevD.39.3151}
}

@Article{	  PhysRevD.41.1796,
  title		= {Internal structure of black holes},
  author	= {Poisson, Eric and Israel, Werner},
  journal	= {Phys. Rev. D},
  volume	= {41},
  issue		= {6},
  pages		= {1796--1809},
  numpages	= {0},
  year		= {1990},
  month		= {3},
  publisher	= {American Physical Society}
}

@Article{	  PhysRevD.42.1996,
  title		= {Scalar waves in the Witten bubble spacetime},
  author	= {Bhawal, Biplab and Vishveshwara, C. V.},
  journal	= {Phys. Rev. D},
  volume	= {42},
  issue		= {6},
  pages		= {1996--2003},
  numpages	= {0},
  year		= {1990},
  month		= {Sep},
  publisher	= {American Physical Society},
  doi		= {10.1103/PhysRevD.42.1996},
  url		= {https://link.aps.org/doi/10.1103/PhysRevD.42.1996}
}

@Article{	  PhysRevD.49.R6261,
  title		= {Collapse of Kaluza-Klein bubbles},
  author	= {Corley, Steven and Jacobson, Ted},
  journal	= {Phys. Rev. D},
  volume	= {49},
  issue		= {12},
  pages		= {R6261--R6263},
  year		= {1994},
  month		= {Jun},
  publisher	= {American Physical Society},
  doi		= {10.1103/PhysRevD.49.R6261},
  url		= {https://link.aps.org/doi/10.1103/PhysRevD.49.R6261}
}

@Article{	  PhysRevD.5.2439,
  title		= {Nonspherical Perturbations of Relativistic Gravitational
		  Collapse. II. Integer-Spin, Zero-Rest-Mass Fields},
  author	= {Price, Richard H.},
  journal	= {Phys. Rev. D},
  volume	= {5},
  issue		= {10},
  pages		= {2439--2454},
  numpages	= {0},
  year		= {1972},
  month		= {5},
  publisher	= {American Physical Society}
}

@Article{	  PhysRevD.62.024010,
  title		= {Fate of the Kaluza-Klein bubble},
  author	= {Shinkai, Hisa-aki and Shiromizu, Tetsuya},
  journal	= {Phys. Rev. D},
  volume	= {62},
  issue		= {2},
  pages		= {024010},
  numpages	= {8},
  year		= {2000},
  month		= {Jun},
  publisher	= {American Physical Society},
  doi		= {10.1103/PhysRevD.62.024010},
  url		= {https://link.aps.org/doi/10.1103/PhysRevD.62.024010}
}

@Article{	  PhysRevLett.14.57,
  title		= {Gravitational Collapse and Space-Time Singularities},
  author	= {Penrose, Roger},
  journal	= {Phys. Rev. Lett.},
  volume	= {14},
  issue		= {3},
  pages		= {57--59},
  numpages	= {0},
  year		= {1965},
  month		= {Jan},
  publisher	= {American Physical Society}
}

@Article{	  press-teukolsky-III,
  author	= {{Teukolsky}, Saul A. and {Press}, William H.},
  title		= {Perturbations of a rotating black hole. III. Interaction
		  of the hole with gravitational and electromagnetic
		  radiation.},
  journal	= {Astrophys. J.},
  year		= 1974,
  month		= {10},
  volume	= {193},
  pages		= {443-461},
  adsnote	= {Provided by the SAO/NASA Astrophysics Data System}
}

@Article{	  reissner,
  author	= {Reissner, Hans},
  title		= {Über die Eigengravitation des elektrischen Feldes nach
		  der Einsteinschen Theorie},
  year		= 1916,
  volume	= 355,
  number	= 9,
  pages		= {106–120},
  issn		= {1521-3889},
  journal	= {Annalen der Physik},
  publisher	= {Wiley}
}

@InBook{	  Reynolds2015,
  author	= "Reynolds, Christopher S.",
  editor	= "Falanga, Maurizio and Belloni, Tomaso and Casella,
		  Piergiorgio and Gilfanov, Marat and Jonker, Peter and King,
		  Andrew",
  title		= "Measuring Black Hole Spin Using X-Ray Reflection
		  Spectroscopy",
  booktitle	= "The Physics of Accretion onto Black Holes",
  year		= "2015",
  publisher	= "Springer New York",
  address	= "New York, NY",
  pages		= "277--294",
  isbn		= "978-1-4939-2227-7"
}

@Article{	  rossetti2024strong,
  title		= {Strong cosmic censorship for the spherically symmetric
		  Einstein-Maxwell-charged-Klein-Gordon system with positive
		  $\Lambda$: stability of the Cauchy horizon and $H^1$
		  extensions},
  author	= {Flavio Rossetti},
  year		= {2024},
  journal	= {Annales Henri Poincaré},
  month		= 6
}

@Article{	  rp-method,
  author	= {Dafermos, Mihalis and Rodnianski, Igor},
  title		= {A new physical-space approach to decay for the wave
		  equation with applications to black hole spacetimes},
  journal	= {XVIth International Congress on Mathematical Physics},
  year		= {2009},
  pages		= {421--433}
}

###Article{	  rp-method,
  author	= {Dafermos, Mihalis and Rodnianski, Igor},
  title		= {A new physical-space approach to decay for the wave
		  equation with applications to black hole spacetimes},
  journal	= {XVIth International Congress on Mathematical Physics},
  year		= {2009},
  pages		= {421--433}
}

@Unpublished{	  rutgers-price,
  title		= {Price's law for spherically symmetric charged black
		  holes},
  author	= {Rutgers, Quinten},
  year		= {2024+},
  note		= {In preparation}
}

@Article{	  saint1989simple,
  title		= {A simple Nash-Moser implicit function theorem},
  author	= {Saint Raymond, Xavier},
  journal	= {Enseign. Math.(2)},
  volume	= {35},
  number	= {3-4},
  pages		= {217--226},
  year		= {1989}
}

@Article{	  sbierski-holonomy,
  author	= {Jan Sbierski},
  title		= {{On holonomy singularities in general relativity and the
		  ${C_{\mathrm{loc}}^{0,1}}$-inextendibility of space-times}},
  volume	= {171},
  journal	= {Duke Mathematical Journal},
  number	= {14},
  publisher	= {Duke University Press},
  pages		= {2881 -- 2942},
  keywords	= {General relativity, inextendibility, Lorentzian geometry,
		  singularities},
  year		= {2022}
}

@Article{	  sbierski-schwarzschild,
  author	= {Jan Sbierski},
  title		= {{The $C^0$-inextendibility of the Schwarzschild spacetime
		  and the spacelike diameter in Lorentzian geometry}},
  volume	= {108},
  journal	= {Journal of Differential Geometry},
  number	= {2},
  publisher	= {Lehigh University},
  pages		= {319 -- 378},
  year		= {2018}
}

@Article{	  Sbierski_2015,
  year		= 2015,
  month		= {feb},
  publisher	= {Springer Science and Business Media {LLC}},
  volume	= {17},
  number	= {2},
  pages		= {301--329},
  author	= {Jan Sbierski},
  title		= {On the Existence of a Maximal Cauchy Development for the
		  Einstein Equations: a Dezornification},
  journal	= {Annales Henri Poincar{\'{e}}}
}

@Article{	  Sbierski_2023,
  title		= {Instability of the Kerr Cauchy horizon under linearised
		  gravitational perturbations},
  volume	= {9},
  number	= {7},
  journal	= {Annals of PDE},
  publisher	= {Springer Science and Business Media LLC},
  author	= {Sbierski, Jan},
  year		= {2023}
}

@Article{	  tataru,
  author	= {Daniel Tataru},
  journal	= {American Journal of Mathematics},
  number	= {2},
  pages		= {361--401},
  publisher	= {The Johns Hopkins University Press},
  title		= {Local decay of waves on asymptotically flat stationary
		  space-times},
  volume	= {135},
  year		= {2013}
}

@Article{	  Van_de_Moortel_2018,
  title		= {Stability and Instability of the Sub-extremal
		  Reissner–Nordström Black Hole Interior for the
		  Einstein–Maxwell–Klein–Gordon Equations in Spherical
		  Symmetry},
  volume	= {360},
  number	= {1},
  journal	= {Comm. Math. Phys.},
  publisher	= {Springer Science and Business Media LLC},
  author	= {Van de Moortel, Maxime},
  year		= {2018},
  month		= jan,
  pages		= {103–168}
}

@Article{	  whitney-even-functions,
  author	= {Hassler Whitney},
  title		= {{Differentiable even functions}},
  volume	= {10},
  journal	= {Duke Mathematical Journal},
  number	= {1},
  publisher	= {Duke University Press},
  pages		= {159 -- 160},
  year		= {1943},
  doi		= {10.1215/S0012-7094-43-01015-4},
  url		= {https://doi.org/10.1215/S0012-7094-43-01015-4}
}

@Article{	  Witten1981-gn,
  title		= "A new proof of the positive energy theorem",
  author	= "Witten, Edward",
  journal	= "Commun. Math. Phys.",
  publisher	= "Springer Nature",
  volume	= 80,
  number	= 3,
  pages		= "381--402",
  month		= sep,
  year		= 1981,
  language	= "en"
}

@Article{	  WITTEN1982481,
  title		= {Instability of the Kaluza-Klein vacuum},
  journal	= {Nuclear Physics B},
  volume	= {195},
  number	= {3},
  pages		= {481-492},
  year		= {1982},
  issn		= {0550-3213},
  doi		= {https://doi.org/10.1016/0550-3213(82)90007-4},
  url		= {https://www.sciencedirect.com/science/article/pii/0550321382900074},
  author	= {Edward Witten}
}

@Misc{		  wong2019smalldataglobalexistence,
  title		= {Small data global existence and decay for two dimensional
		  wave maps},
  author	= {Willie Wai Yeung Wong},
  year		= {2019},
  eprint	= {1712.07684},
  archiveprefix	= {arXiv},
  primaryclass	= {math.AP},
  url		= {https://arxiv.org/abs/1712.07684}
}
